@article{qiang2022attcat,
  title={Attcat: Explaining transformers via attentive class activation tokens},
  author={Qiang, Yao and Pan, Deng and Li, Chengyin and Li, Xin and Jang, Rhongho and Zhu, Dongxiao},
  journal={Advances in neural information processing systems},
  volume={35},
  pages={5052--5064},
  year={2022}
}